@article{hinton2015distilling,
	author = {Hinton, Geoffrey and Vinyals, Oriol and Dean, Jeff},
	journal = {arXiv preprint arXiv:1503.02531},
	title = {Distilling the knowledge in a neural network},
	year = {2015}}

@inproceedings{DBLP:conf/nips/BaC14,
	author = {Jimmy Ba and Rich Caruana},
	bibsource = {dblp computer science bibliography, https://dblp.org},
	biburl = {https://dblp.org/rec/conf/nips/BaC14.bib},
	booktitle = {Advances in Neural Information Processing Systems 27: Annual Conference on Neural Information Processing Systems 2014, December 8-13 2014, Montreal, Quebec, Canada},
	editor = {Zoubin Ghahramani and Max Welling and Corinna Cortes and Neil D. Lawrence and Kilian Q. Weinberger},
	pages = {2654--2662},
	timestamp = {Thu, 21 Jan 2021 15:15:23 +0100},
	title = {Do Deep Nets Really Need to be Deep?},
	year = {2014}}

@inproceedings{DBLP:conf/nips/MullerKH19,
	author = {Rafael M{\"{u}}ller and Simon Kornblith and Geoffrey E. Hinton},
	bibsource = {dblp computer science bibliography, https://dblp.org},
	booktitle = {Advances in Neural Information Processing Systems 32: Annual Conference on Neural Information Processing Systems 2019, NeurIPS 2019, December 8-14, 2019, Vancouver, BC, Canada},
	editor = {Hanna M. Wallach and Hugo Larochelle and Alina Beygelzimer and Florence d'Alch{\'{e}}{-}Buc and Emily B. Fox and Roman Garnett},
	pages = {4696--4705},
	title = {When does label smoothing help?},
	year = {2019}}

@article{zhang2021delving,
	author = {Zhang, Chang-Bin and Jiang, Peng-Tao and Hou, Qibin and Wei, Yunchao and Han, Qi and Li, Zhen and Cheng, Ming-Ming},
	journal = {IEEE Transactions on Image Processing},
	pages = {5984--5996},
	publisher = {IEEE},
	title = {Delving deep into label smoothing},
	volume = {30},
	year = {2021}}

@inproceedings{furlanello2018born,
	author = {Furlanello, Tommaso and Lipton, Zachary and Tschannen, Michael and Itti, Laurent and Anandkumar, Anima},
	booktitle = {International Conference on Machine Learning},
	organization = {PMLR},
	pages = {1607--1616},
	title = {Born again neural networks},
	year = {2018}}

@inproceedings{zhang2019your,
	author = {Zhang, Linfeng and Song, Jiebo and Gao, Anni and Chen, Jingwei and Bao, Chenglong and Ma, Kaisheng},
	booktitle = {Proceedings of the IEEE/CVF International Conference on Computer Vision},
	pages = {3713--3722},
	title = {Be your own teacher: Improve the performance of convolutional neural networks via self distillation},
	year = {2019}}

@article{zhang2018heated,
	author = {Zhang, Xu and Yu, Felix Xinnan and Karaman, Svebor and Zhang, Wei and Chang, Shih-Fu},
	journal = {arXiv preprint arXiv:1809.04157},
	title = {Heated-up softmax embedding},
	year = {2018}}

@article{DBLP:journals/corr/abs-2010-07344,
	author = {Atish Agarwala and Jeffrey Pennington and Yann N. Dauphin and Samuel S. Schoenholz},
	bibsource = {dblp computer science bibliography, https://dblp.org},
	biburl = {https://dblp.org/rec/journals/corr/abs-2010-07344.bib},
	eprint = {2010.07344},
	eprinttype = {arXiv},
	journal = {CoRR},
	timestamp = {Tue, 20 Oct 2020 15:08:10 +0200},
	title = {Temperature check: theory and practice for training models with softmax-cross-entropy losses},
	volume = {abs/2010.07344},
	year = {2020}}

@inproceedings{DBLP:conf/iclr/PereyraTCKH17,
	author = {Gabriel Pereyra and George Tucker and Jan Chorowski and Lukasz Kaiser and Geoffrey E. Hinton},
	bibsource = {dblp computer science bibliography, https://dblp.org},
	biburl = {https://dblp.org/rec/conf/iclr/PereyraTCKH17.bib},
	booktitle = {5th International Conference on Learning Representations, {ICLR} 2017, Toulon, France, April 24-26, 2017, Workshop Track Proceedings},
	publisher = {OpenReview.net},
	timestamp = {Thu, 04 Apr 2019 13:20:08 +0200},
	title = {Regularizing Neural Networks by Penalizing Confident Output Distributions},
	year = {2017}}

@article{passalis2018unsupervised,
	author = {Passalis, Nikolaos and Tefas, Anastasios},
	journal = {IEEE transactions on neural networks and learning systems},
	number = {3},
	pages = {946--950},
	publisher = {IEEE},
	title = {Unsupervised knowledge transfer using similarity embeddings},
	volume = {30},
	year = {2018}}

@article{ge2019distilling,
	author = {Ge, Shiming and Luo, Zhao and Zhang, Chunhui and Hua, Yingying and Tao, Dacheng},
	journal = {IEEE Transactions on Image Processing},
	pages = {2610--2621},
	publisher = {IEEE},
	title = {Distilling channels for efficient deep tracking},
	volume = {29},
	year = {2019}}

@inproceedings{yun2020regularizing,
	author = {Yun, Sukmin and Park, Jongjin and Lee, Kimin and Shin, Jinwoo},
	booktitle = {Proceedings of the IEEE/CVF conference on computer vision and pattern recognition},
	pages = {13876--13885},
	title = {Regularizing class-wise predictions via self-knowledge distillation},
	year = {2020}}

@article{wang2021memory,
	author = {Wang, Jiyue and Zhang, Pei and Li, Yanxiong},
	journal = {Sensors},
	number = {8},
	pages = {2792},
	publisher = {Multidisciplinary Digital Publishing Institute},
	title = {Memory-Replay Knowledge Distillation},
	volume = {21},
	year = {2021}}

@inproceedings{aguilar2020knowledge,
	author = {Aguilar, Gustavo and Ling, Yuan and Zhang, Yu and Yao, Benjamin and Fan, Xing and Guo, Chenlei},
	booktitle = {Proceedings of the AAAI Conference on Artificial Intelligence},
	number = {05},
	pages = {7350--7357},
	title = {Knowledge distillation from internal representations},
	volume = {34},
	year = {2020}}

@article{yao2018deep,
	author = {Yao, Jiangchao and Wang, Jiajie and Tsang, Ivor W and Zhang, Ya and Sun, Jun and Zhang, Chengqi and Zhang, Rui},
	journal = {IEEE Transactions on Image Processing},
	number = {4},
	pages = {1909--1922},
	publisher = {IEEE},
	title = {Deep learning from noisy image labels with quality embedding},
	volume = {28},
	year = {2018}}

@article{ge2018low,
	author = {Ge, Shiming and Zhao, Shengwei and Li, Chenyu and Li, Jia},
	journal = {IEEE Transactions on Image Processing},
	number = {4},
	pages = {2051--2062},
	publisher = {IEEE},
	title = {Low-resolution face recognition in the wild via selective knowledge distillation},
	volume = {28},
	year = {2018}}

@article{wang2020real,
	author = {Wang, Ning and Zhou, Wengang and Song, Yibing and Ma, Chao and Li, Houqiang},
	journal = {IEEE Transactions on Image Processing},
	pages = {6123--6135},
	publisher = {IEEE},
	title = {Real-time correlation tracking via joint model compression and transfer},
	volume = {29},
	year = {2020}}

@inproceedings{szegedy2016rethinking,
	author = {Szegedy, Christian and Vanhoucke, Vincent and Ioffe, Sergey and Shlens, Jon and Wojna, Zbigniew},
	booktitle = {Proceedings of the IEEE conference on computer vision and pattern recognition},
	pages = {2818--2826},
	title = {Rethinking the inception architecture for computer vision},
	year = {2016}}

@inproceedings{peng2019few,
	author = {Peng, Zhimao and Li, Zechao and Zhang, Junge and Li, Yan and Qi, Guo-Jun and Tang, Jinhui},
	booktitle = {Proceedings of the IEEE/CVF International Conference on Computer Vision},
	pages = {441--449},
	title = {Few-shot image recognition with knowledge transfer},
	year = {2019}}

@inproceedings{zhang2018deep,
	author = {Zhang, Ying and Xiang, Tao and Hospedales, Timothy M and Lu, Huchuan},
	booktitle = {Proceedings of the IEEE Conference on Computer Vision and Pattern Recognition},
	pages = {4320--4328},
	title = {Deep mutual learning},
	year = {2018}}

@inproceedings{liu2018improving,
	author = {Liu, Xuan and Wang, Xiaoguang and Matwin, Stan},
	booktitle = {2018 IEEE International Conference on Data Mining Workshops (ICDMW)},
	organization = {IEEE},
	pages = {905--912},
	title = {Improving the interpretability of deep neural networks with knowledge distillation},
	year = {2018}}

@inproceedings{cho2019efficacy,
	author = {Cho, Jang Hyun and Hariharan, Bharath},
	booktitle = {Proceedings of the IEEE/CVF International Conference on Computer Vision},
	pages = {4794--4802},
	title = {On the efficacy of knowledge distillation},
	year = {2019}}

@inproceedings{yuan2020revisiting,
	author = {Yuan, Li and Tay, Francis EH and Li, Guilin and Wang, Tao and Feng, Jiashi},
	booktitle = {Proceedings of the IEEE/CVF Conference on Computer Vision and Pattern Recognition},
	pages = {3903--3911},
	title = {Revisiting knowledge distillation via label smoothing regularization},
	year = {2020}}

@misc{rw2019timm,
	author = {Ross Wightman},
	doi = {10.5281/zenodo.4414861},
	howpublished = {\url{https://github.com/rwightman/pytorch-image-models}},
	journal = {GitHub repository},
	publisher = {GitHub},
	title = {PyTorch Image Models},
	year = {2019},
	bdsk-url-1 = {https://doi.org/10.5281/zenodo.4414861}}

@article{brock2021high,
	author = {Brock, Andrew and De, Soham and Smith, Samuel L and Simonyan, Karen},
	journal = {arXiv preprint arXiv:2102.06171},
	title = {High-performance large-scale image recognition without normalization},
	year = {2021}}

@article{micikevicius2017mixed,
	author = {Micikevicius, Paulius and Narang, Sharan and Alben, Jonah and Diamos, Gregory and Elsen, Erich and Garcia, David and Ginsburg, Boris and Houston, Michael and Kuchaiev, Oleksii and Venkatesh, Ganesh and others},
	journal = {arXiv preprint arXiv:1710.03740},
	title = {Mixed precision training},
	year = {2017}}

@incollection{NEURIPS2019_9015,
	author = {Paszke, Adam and Gross, Sam and Massa, Francisco and Lerer, Adam and Bradbury, James and Chanan, Gregory and Killeen, Trevor and Lin, Zeming and Gimelshein, Natalia and Antiga, Luca and Desmaison, Alban and Kopf, Andreas and Yang, Edward and DeVito, Zachary and Raison, Martin and Tejani, Alykhan and Chilamkurthy, Sasank and Steiner, Benoit and Fang, Lu and Bai, Junjie and Chintala, Soumith},
	booktitle = {Advances in Neural Information Processing Systems 32},
	editor = {H. Wallach and H. Larochelle and A. Beygelzimer and F. d\textquotesingle Alch\'{e}-Buc and E. Fox and R. Garnett},
	pages = {8024--8035},
	publisher = {Curran Associates, Inc.},
	title = {PyTorch: An Imperative Style, High-Performance Deep Learning Library},
	url = {http://papers.neurips.cc/paper/9015-pytorch-an-imperative-...-deep-learning-library.pdf},
	year = {2019},
	bdsk-url-1 = {http://papers.neurips.cc/paper/9015-pytorch-an-imperative-...-deep-learning-library.pdf}}

@inproceedings{ioffe2015batch,
	author = {Ioffe, Sergey and Szegedy, Christian},
	booktitle = {International conference on machine learning},
	organization = {PMLR},
	pages = {448--456},
	title = {Batch normalization: Accelerating deep network training by reducing internal covariate shift},
	year = {2015}}

@article{qiao2019weight,
	author = {Qiao, Siyuan and Wang, Huiyu and Liu, Chenxi and Shen, Wei and Yuille, Alan},
	title = {Weight standardization},
	year = {2019}}

@inproceedings{wu2018group,
	author = {Wu, Yuxin and He, Kaiming},
	booktitle = {Proceedings of the European conference on computer vision (ECCV)},
	pages = {3--19},
	title = {Group normalization},
	year = {2018}}

@inproceedings{he2016deep,
	author = {He, Kaiming and Zhang, Xiangyu and Ren, Shaoqing and Sun, Jian},
	booktitle = {Proceedings of the IEEE conference on computer vision and pattern recognition},
	pages = {770--778},
	title = {Deep residual learning for image recognition},
	year = {2016}}

@inproceedings{deng2009imagenet,
	author = {Deng, Jia and Dong, Wei and Socher, Richard and Li, Li-Jia and Li, Kai and Fei-Fei, Li},
	booktitle = {2009 IEEE conference on computer vision and pattern recognition},
	organization = {Ieee},
	pages = {248--255},
	title = {Imagenet: A large-scale hierarchical image database},
	year = {2009}}

@article{krizhevsky2014cifar,
	author = {Krizhevsky, Alex and Nair, Vinod and Hinton, Geoffrey},
	journal = {online: http://www. cs. toronto. edu/kriz/cifar. html},
	number = {5},
	title = {The cifar-10 dataset},
	volume = {55},
	year = {2014}}

@inproceedings{hu2018squeeze,
	author = {Hu, Jie and Shen, Li and Sun, Gang},
	booktitle = {Proceedings of the IEEE conference on computer vision and pattern recognition},
	pages = {7132--7141},
	title = {Squeeze-and-excitation networks},
	year = {2018}}

@article{loshchilov2016sgdr,
	author = {Loshchilov, Ilya and Hutter, Frank},
	journal = {arXiv preprint arXiv:1608.03983},
	title = {Sgdr: Stochastic gradient descent with warm restarts},
	year = {2016}}

@article{zhang2017mixup,
	author = {Zhang, Hongyi and Cisse, Moustapha and Dauphin, Yann N and Lopez-Paz, David},
	journal = {arXiv preprint arXiv:1710.09412},
	title = {mixup: Beyond empirical risk minimization},
	year = {2017}}

@article{yamada2019shakedrop,
	author = {Yamada, Yoshihiro and Iwamura, Masakazu and Akiba, Takuya and Kise, Koichi},
	journal = {IEEE Access},
	pages = {186126--186136},
	publisher = {IEEE},
	title = {Shakedrop regularization for deep residual learning},
	volume = {7},
	year = {2019}}

@article{reed2014training,
	author = {Reed, Scott and Lee, Honglak and Anguelov, Dragomir and Szegedy, Christian and Erhan, Dumitru and Rabinovich, Andrew},
	journal = {arXiv preprint arXiv:1412.6596},
	title = {Training deep neural networks on noisy labels with bootstrapping},
	year = {2014}}

@inproceedings{xie2016disturblabel,
	author = {Xie, Lingxi and Wang, Jingdong and Wei, Zhen and Wang, Meng and Tian, Qi},
	booktitle = {Proceedings of the IEEE Conference on Computer Vision and Pattern Recognition},
	pages = {4753--4762},
	title = {Disturblabel: Regularizing cnn on the loss layer},
	year = {2016}}

@inproceedings{dubey2018pairwise,
	author = {Dubey, Abhimanyu and Gupta, Otkrist and Guo, Pei and Raskar, Ramesh and Farrell, Ryan and Naik, Nikhil},
	booktitle = {Proceedings of the European conference on computer vision (ECCV)},
	pages = {70--86},
	title = {Pairwise confusion for fine-grained visual classification},
	year = {2018}}

@article{li2019reconstruction,
	author = {Li, Changsheng and Liu, Chong and Duan, Lixin and Gao, Peng and Zheng, Kai},
	journal = {IEEE transactions on neural networks and learning systems},
	number = {7},
	pages = {2294--2303},
	publisher = {IEEE},
	title = {Reconstruction regularized deep metric learning for multi-label image classification},
	volume = {31},
	year = {2019}}

@article{lillicrap2020backpropagation,
	author = {Lillicrap, Timothy P and Santoro, Adam and Marris, Luke and Akerman, Colin J and Hinton, Geoffrey},
	journal = {Nature Reviews Neuroscience},
	number = {6},
	pages = {335--346},
	publisher = {Nature Publishing Group},
	title = {Backpropagation and the brain},
	volume = {21},
	year = {2020}}

@inproceedings{lecun1988theoretical,
	author = {LeCun, Yann and Touresky, D and Hinton, G and Sejnowski, T},
	booktitle = {Proceedings of the 1988 connectionist models summer school},
	pages = {21--28},
	title = {A theoretical framework for back-propagation},
	volume = {1},
	year = {1988}}

@article{hochreiter1991untersuchungen,
	author = {Hochreiter, Sepp},
	journal = {Diploma, Technische Universit{\"a}t M{\"u}nchen},
	number = {1},
	title = {Untersuchungen zu dynamischen neuronalen Netzen},
	volume = {91},
	year = {1991}}

@misc{hochreiter2001gradient,
	author = {Hochreiter, Sepp and Bengio, Yoshua and Frasconi, Paolo and Schmidhuber, J{\"u}rgen and others},
	publisher = {A field guide to dynamical recurrent neural networks. IEEE Press In},
	title = {Gradient flow in recurrent nets: the difficulty of learning long-term dependencies},
	year = {2001}}

@article{goh2017deep,
	author = {Goh, Garrett B and Hodas, Nathan O and Vishnu, Abhinav},
	journal = {Journal of computational chemistry},
	number = {16},
	pages = {1291--1307},
	publisher = {Wiley Online Library},
	title = {Deep learning for computational chemistry},
	volume = {38},
	year = {2017}}

@inproceedings{pascanu2013difficulty,
	author = {Pascanu, Razvan and Mikolov, Tomas and Bengio, Yoshua},
	booktitle = {International conference on machine learning},
	organization = {PMLR},
	pages = {1310--1318},
	title = {On the difficulty of training recurrent neural networks},
	year = {2013}}

@article{bengio1994learning,
	author = {Bengio, Yoshua and Simard, Patrice and Frasconi, Paolo},
	journal = {IEEE transactions on neural networks},
	number = {2},
	pages = {157--166},
	publisher = {IEEE},
	title = {Learning long-term dependencies with gradient descent is difficult},
	volume = {5},
	year = {1994}}

@article{pascanu2012understanding,
	author = {Pascanu, Razvan and Mikolov, Tomas and Bengio, Yoshua},
	journal = {CoRR, abs/1211.5063},
	number = {417},
	pages = {1},
	title = {Understanding the exploding gradient problem},
	volume = {2},
	year = {2012}}

@article{santurkar2018does,
	author = {Santurkar, Shibani and Tsipras, Dimitris and Ilyas, Andrew and Madry, Aleksander},
	journal = {Advances in neural information processing systems},
	title = {How does batch normalization help optimization?},
	volume = {31},
	year = {2018}}

@article{zhang2019gradient,
	author = {Zhang, Jingzhao and He, Tianxing and Sra, Suvrit and Jadbabaie, Ali},
	journal = {arXiv preprint arXiv:1905.11881},
	title = {Why gradient clipping accelerates training: A theoretical justification for adaptivity},
	year = {2019}}

@article{russakovsky2015imagenet,
	author = {Russakovsky, Olga and Deng, Jia and Su, Hao and Krause, Jonathan and Satheesh, Sanjeev and Ma, Sean and Huang, Zhiheng and Karpathy, Andrej and Khosla, Aditya and Bernstein, Michael and others},
	journal = {International journal of computer vision},
	number = {3},
	pages = {211--252},
	publisher = {Springer},
	title = {Imagenet large scale visual recognition challenge},
	volume = {115},
	year = {2015}}

@article{zhai2018classification,
	author = {Zhai, Andrew and Wu, Hao-Yu},
	journal = {arXiv preprint arXiv:1811.12649},
	title = {Classification is a strong baseline for deep metric learning},
	year = {2018}}

@inproceedings{wu2018improving,
	author = {Wu, Zhirong and Efros, Alexei A and Yu, Stella X},
	booktitle = {Proceedings of the European Conference on Computer Vision (ECCV)},
	pages = {685--701},
	title = {Improving generalization via scalable neighborhood component analysis},
	year = {2018}}

@article{chorowski2016towards,
	author = {Chorowski, Jan and Jaitly, Navdeep},
	journal = {arXiv preprint arXiv:1612.02695},
	title = {Towards better decoding and language model integration in sequence to sequence models},
	year = {2016}}

@article{he2018determining,
	author = {He, Yu-Lin and Zhang, Xiao-Liang and Ao, Wei and Huang, Joshua Zhexue},
	journal = {Applied Soft Computing},
	pages = {80--85},
	publisher = {Elsevier},
	title = {Determining the optimal temperature parameter for Softmax function in reinforcement learning},
	volume = {70},
	year = {2018}}

@inproceedings{liu2017sphereface,
	author = {Liu, Weiyang and Wen, Yandong and Yu, Zhiding and Li, Ming and Raj, Bhiksha and Song, Le},
	booktitle = {Proceedings of the IEEE conference on computer vision and pattern recognition},
	pages = {212--220},
	title = {Sphereface: Deep hypersphere embedding for face recognition},
	year = {2017}}

@inproceedings{wang2018cosface,
	author = {Wang, Hao and Wang, Yitong and Zhou, Zheng and Ji, Xing and Gong, Dihong and Zhou, Jingchao and Li, Zhifeng and Liu, Wei},
	booktitle = {Proceedings of the IEEE conference on computer vision and pattern recognition},
	pages = {5265--5274},
	title = {Cosface: Large margin cosine loss for deep face recognition},
	year = {2018}}

@article{duchi2011adaptive,
	author = {Duchi, John and Hazan, Elad and Singer, Yoram},
	journal = {Journal of machine learning research},
	number = {7},
	title = {Adaptive subgradient methods for online learning and stochastic optimization.},
	volume = {12},
	year = {2011}}

@article{merity2017regularizing,
  title={Regularizing and optimizing LSTM language models},
  author={Merity, Stephen and Keskar, Nitish Shirish and Socher, Richard},
  journal={arXiv preprint arXiv:1708.02182},
  year={2017}
}

@inproceedings{smith2020generalization,
  title={On the generalization benefit of noise in stochastic gradient descent},
  author={Smith, Samuel and Elsen, Erich and De, Soham},
  booktitle={International Conference on Machine Learning},
  pages={9058--9067},
  year={2020},
  organization={PMLR}
}

@inproceedings{aladago2021slot,
  title={Slot machines: Discovering winning combinations of random weights in neural networks},
  author={Aladago, Maxwell M and Torresani, Lorenzo},
  booktitle={International Conference on Machine Learning},
  pages={163--174},
  year={2021},
  organization={PMLR}
}

@inproceedings{xu2019data,
  title={Data-distortion guided self-distillation for deep neural networks},
  author={Xu, Ting-Bing and Liu, Cheng-Lin},
  booktitle={Proceedings of the AAAI Conference on Artificial Intelligence},
  volume={33},
  number={01},
  pages={5565--5572},
  year={2019}
}